% Books

@book{Butler,
  author    = {Gregory Butler},
  title     = {Fundamental Algorithms for Permutation Groups},
  publisher = {Springer Berlin Heidelberg},
  year      = {1991}
}

@book{Holt,
  author    = {Derek F. Holt},
  title     = {Handbook of Computational Group Theory},
  publisher = {CRC Press},
  year      = {2005}
}

@book{Lawson,
  author    = {Mark V. Lawson},
  title     = {Inverse Semigroups: The Theory of Partial Symmetries},
  publisher = {World Scientific},
  year      = {1998}
}

@book{Rotman,
  author    = {Joseph J. Rotman},
  title     = {An Introduction to the Theory of Groups},
  edition   = 4,
  publisher = {Springer New York},
  year      = {1995}
}

@book{Seress,
  author    = {{\'A}kos Seress},
  title     = {Permutation Group Algorithms},
  publisher = {Cambridge University Press},
  year      = {2009}
}

@book{Russell,
  author    = {Stuart Russell and Peter Norvig},
  title     = {Artificial Intelligence: A Modern Approach},
  edition   = 4,
  publisher = {Prentice Hall Press},
  year      = {2020}
}

% articles

@article{Goens,
  author = {Goens, Andr\'{e}s and Siccha, Sergio and Castrillon, Jeronimo},
  title = {Symmetry in Software Synthesis},
  year = {2017},
  journal = {ACM Trans. Archit. Code Optim.},
  volume = {14},
  number = {2}
}

@article{Pyber93,
 ISSN = {0003486X},
 URL = {http://www.jstor.org/stable/2946623},
 author = {L. Pyber},
 journal = {Annals of Mathematics},
 number = {1},
 pages = {203--220},
 publisher = {Annals of Mathematics},
 title = {Enumerating Finite Groups of Given Order},
 volume = {137},
 year = {1993}
}

@article{Olofsson16,
  author       = {Andreas Olofsson},
  title        = {Epiphany-V: {A} 1024 processor 64-bit {RISC} System-On-Chip},
  howpublished = {\url{http://arxiv.org/abs/1610.01832}},
  year         = {2016}
}

@article{Donaldson,
  author  = {A. F. Donaldson and A. Miller},
  title   = {On the constructive orbit problem},
  journal = {Ann Math Atrif Intell},
  volume  = {57},
  pages   = {1--35},
  year    = {2009}
}

@article{Tarjan,
  title   = {Depth-First Search and Linear Graph Algorithms},
  author  = {Robert E. Tarjan},
  journal = {SIAM J. Comput.},
  volume  = {1},
  pages   = {146--160},
  year    = {1972}
}

@article{Mitchell,
   author  = {James East and Attila Egri-Nagy and Mitchell,
              {James D.} and Yann P{\'e}resse},
   title   = {Computing finite semigroups},
   journal = {Journal of Symbolic Computation},
   volume  = {92},
   pages   = {110--155},
   year    = {2019}
}

@article{Zoghbi94,
  author  = {Antoine Zoghbi and Ivan Stojmenovic},
  title   = {Fast Algorithms for Generating Integer Partitions},
  journal = {International Journal of Computer Mathematics},
  volume  = {70},
  number  = {2},
  pages   = {319-332},
  year    = {1994}
}

% inproceedings

@inproceedings{HAEC,
  author    = {G. Fettweis and W. Nagel and W. Lehner},
  title     = {Pathways to servers of the future},
  pages     = {1161--1166},
  booktitle = {2012 Design, Automation Test in Europe Conference Exhibition (DATE)},
  year      = {2012}
}

@inproceedings{DonaldsonThesis,
  title  = {Automatic techniques for detecting and exploiting symmetry in model checking},
  author = {Alastair F. Donaldson},
  year   = {2007}
}

% GitHub

@misc{orb,
  author = {Müller, Jürgen and Neunhöffer, Max and Noeske, Felix},
  title = {orb, Version 4.8.2},
  year = {2019},
  publisher = {GitHub},
  journal = {GitHub repository},
  howpublished = {\url{https://github.com/gap-packages/orb}}
}

@misc{grape,
  author = {Soicher, L. H.},
  title = {The GRAPE package for GAP, Version 4.8.3},
  year = {2019},
  publisher = {GitHub},
  journal = {GitHub repository},
  howpublished = {\url{https://gap-packages.github.io/grape}}
}

@article{nauty,
  author = {Brendan D. McKay and Adolfo Piperno},
  title = {Practical graph isomorphism, II},
  journal = {Journal of Symbolic Computation},
  volume = {60},
  pages = {94 - 112},
  year = {2014},
  issn = {0747-7171},
  doi = {http://dx.doi.org/10.1016/j.jsc.2013.09.003},
  url = {http://www.sciencedirect.com/science/article/pii/S0747717113001193}
}

@misc{BGL,
  author = {Jeremy Siek and Lie-Quan Lee and Andrew Lumsdaine},
  title = {Boost Graph Library},
  year = {2000},
  howpublished = {\url{http://www.boost.org/libs/graph/}}
}

@misc{mpsym,
  author = {Nicolai, Timo},
  title = {mpsym},
  year = {2020},
  publisher = {GitHub},
  journal = {GitHub repository},
  howpublished = {\url{https://github.com/Time0o/mpsym}}
}

@manual{GAP4,
  key={GAP},
  organization={The GAP~Group},
  title={GAP -- Groups, Algorithms, and Programming, Version 4.11.0},
  version={4.11.0},
  year={2020},
  url={\url{https://www.gap-system.org}},
}
